<collection xmlns="http://www.loc.gov/MARC21/slim">
   <record>
      <leader>03377nam a2200457 i 4500</leader>
      <controlfield tag="001">6786180</controlfield>
      <controlfield tag="003">FlBoTFG</controlfield>
      <controlfield tag="005">20150115163111.0</controlfield>
      <controlfield tag="006">m|||||o||d||||||||</controlfield>
      <controlfield tag="007">cr||||</controlfield>
      <controlfield tag="008">150115t20152015fluad   ob    001 0 eng d</controlfield>
      <datafield ind1=" " ind2=" " tag="020">
         <subfield code="a">9781439880623 (e-book : PDF)</subfield>
      </datafield>
      <datafield ind1=" " ind2=" " tag="035">
         <subfield code="a">ocn897069461</subfield>
      </datafield>
      <datafield ind1=" " ind2=" " tag="039">
         <subfield code="a">exclude</subfield>
      </datafield>
      <datafield ind1=" " ind2=" " tag="040">
         <subfield code="a">FlBoTFG</subfield>
         <subfield code="b">eng</subfield>
         <subfield code="e">rda</subfield>
         <subfield code="c">FlBoTFG</subfield>
         <subfield code="d">AEU</subfield>
      </datafield>
      <datafield ind1=" " ind2="4" tag="050">
         <subfield code="a">HV8073</subfield>
         <subfield code="b">.M762 2015</subfield>
      </datafield>
      <datafield ind1=" " ind2=" " tag="090">
         <subfield code="a">Internet Access</subfield>
         <subfield code="b">AEU</subfield>
      </datafield>
      <datafield ind1="1" ind2=" " tag="100">
         <subfield code="a">Moody, Kenton James,</subfield>
         <subfield code="e">author.</subfield>
         <subfield code="0">http://id.loc.gov/authorities/names/n87126590</subfield>
         <subfield code="0">http://viaf.org/viaf/3982383</subfield>
      </datafield>
      <datafield ind1="1" ind2="0" tag="245">
         <subfield code="a">Nuclear forensic analysis /</subfield>
         <subfield code="c">Kenton J. Moody, Nuclear Chemistry Division, LLNL, Livermore, California, USA; Patrick M. Grant, Forensic Science Center, LLNL, Livermore, California, USA; Ian D. Hutcheon, Glenn T. Seaborg Institute, LLNL, Livermore, California, USA.</subfield>
      </datafield>
      <datafield ind1=" " ind2=" " tag="250">
         <subfield code="a">Second edition.</subfield>
      </datafield>
      <datafield ind1=" " ind2="1" tag="264">
         <subfield code="a">Boca Raton :</subfield>
         <subfield code="b">CRC Press,</subfield>
         <subfield code="c">[2015]</subfield>
      </datafield>
      <datafield ind1=" " ind2="4" tag="264">
         <subfield code="c">©2015</subfield>
      </datafield>
      <datafield ind1=" " ind2=" " tag="300">
         <subfield code="a">1 online resource.</subfield>
      </datafield>
      <datafield ind1=" " ind2=" " tag="336">
         <subfield code="a">text</subfield>
         <subfield code="2">rdacontent</subfield>
         <subfield code="0">http://id.loc.gov/vocabulary/contentTypes/txt</subfield>
      </datafield>
      <datafield ind1=" " ind2=" " tag="337">
         <subfield code="a">computer</subfield>
         <subfield code="2">rdamedia</subfield>
         <subfield code="0">http://id.loc.gov/vocabulary/mediaTypes/c</subfield>
      </datafield>
      <datafield ind1=" " ind2=" " tag="338">
         <subfield code="a">online resource</subfield>
         <subfield code="2">rdacarrier</subfield>
         <subfield code="0">http://id.loc.gov/vocabulary/carriers/cr</subfield>
      </datafield>
      <datafield ind1=" " ind2=" " tag="504">
         <subfield code="a">Includes bibliographical references and index.</subfield>
      </datafield>
      <datafield ind1="0" ind2=" " tag="505">
         <subfield code="a">Introduction -- Physical basis of nuclear forensic science -- Engineering issues -- Chemistry and nuclear forensic science -- Principles of nuclear explosive devices and debris analysis -- Chronometry -- Techniques for small signatures -- Collateral forensic indicators -- Sample matrices and collection -- Radiochemical procedures -- Inorganic/isotopic sample preparation -- Organic sample preparation -- Extraordinary sample issues -- Field collection kits -- NDA field radioactivity detection -- Laboratory analyses -- Inferred production estimates -- Materials profiling -- Source and route attribution -- Forensic investigation of a highly enriched uranium sample interdicted in Bulgaria -- Counterforensic investigation of U.S. enrichment plants -- Nuclear smuggling hoax : D-38 counterweight -- Nuclear smuggling hoax : Sc metal -- Fatal "cold fusion" explosion -- Questioned sample from the U.S. Drug Enforcement Agency -- Radioactive pillow shipment -- Afghanistan scam specimens.</subfield>
      </datafield>
      <datafield ind1=" " ind2=" " tag="506">
         <subfield code="a">Access restricted to authorized users and institutions.</subfield>
      </datafield>
      <datafield ind1=" " ind2=" " tag="596">
         <subfield code="a">44</subfield>
      </datafield>
      <datafield ind1=" " ind2="0" tag="650">
         <subfield code="a">Criminal investigation.</subfield>
         <subfield code="0">http://id.loc.gov/authorities/subjects/sh85034045</subfield>
      </datafield>
      <datafield ind1=" " ind2="0" tag="650">
         <subfield code="a">Smuggling</subfield>
         <subfield code="x">Investigation.</subfield>
         <subfield code="0">http://id.loc.gov/authorities/subjects/sh99011006</subfield>
      </datafield>
      <datafield ind1=" " ind2="0" tag="650">
         <subfield code="a">Nuclear activation analysis.</subfield>
         <subfield code="0">http://id.loc.gov/authorities/subjects/sh85110592</subfield>
      </datafield>
      <datafield ind1=" " ind2="0" tag="650">
         <subfield code="a">Nuclear nonproliferation.</subfield>
         <subfield code="0">http://id.loc.gov/authorities/subjects/sh85093020</subfield>
      </datafield>
      <datafield ind1="1" ind2=" " tag="700">
         <subfield code="a">Hutcheon, Ian D.,</subfield>
         <subfield code="e">author.</subfield>
         <subfield code="0">http://id.loc.gov/authorities/names/n2004106400</subfield>
         <subfield code="0">http://viaf.org/viaf/58475817</subfield>
      </datafield>
      <datafield ind1="1" ind2=" " tag="700">
         <subfield code="a">Grant, Patrick M.,</subfield>
         <subfield code="e">author.</subfield>
         <subfield code="0">http://id.loc.gov/authorities/names/n2004106446</subfield>
         <subfield code="0">http://viaf.org/viaf/33856354</subfield>
      </datafield>
      <datafield ind1=" " ind2=" " tag="758">
         <subfield code="0">http://worldcat.org/entity/work/id/773072</subfield>
      </datafield>
      <datafield ind1="0" ind2=" " tag="787">
         <subfield code="n">OCLC Work Id</subfield>
         <subfield code="o">http://worldcat.org/entity/work/id/773072</subfield>
      </datafield>
      <datafield ind1="4" ind2="0" tag="856">
         <subfield code="3">University of Alberta Access</subfield>
         <subfield code="u">http://marc.crcnetbase.com/isbn/9781439880623</subfield>
         <subfield code="z">(Unlimited Concurrent Users)</subfield>
      </datafield>
      <datafield ind1=" " ind2=" " tag="949">
         <subfield code="h">UAIN</subfield>
         <subfield code="z">CRC</subfield>
      </datafield>
      <datafield ind1=" " ind2=" " tag="926">
         <subfield code="a">Internet Access</subfield>
         <subfield code="w">LC</subfield>
         <subfield code="c">1</subfield>
         <subfield code="i">6786180-1001</subfield>
         <subfield code="l">INTERNET</subfield>
         <subfield code="m">UAINTERNET</subfield>
         <subfield code="r">Y</subfield>
         <subfield code="s">Y</subfield>
         <subfield code="t">E-RESOURCE</subfield>
         <subfield code="u">1/20/2015</subfield>
         <subfield code="x">E-BOOK</subfield>
         <subfield code="z">CRC</subfield>
      </datafield>
   </record>
</collection>
